@misc{MobilityCity,
  title        = {Mobility in the City: Berlin Traffic in Figures},
  author       = {Senate Department for the Environment, Transport and Climate Protection},
  howpublished = {\url{https://www.berlin.de/sen/uvk/en/traffic/traffic-data/facts-and-figures/mobility-in-the-city-berlin-traffic-in-figures-2017/}},
  year         = {2017}
}
@misc{CostCars,
	title        = {The cost of owning a car in Germany},
	author       = {Nicolas Bouliane},
	howpublished = {\url{https://allaboutberlin.com/guides/car-cost-of-ownership-germany}},
	day			 = {30},
	month		 = {August},
	year         = {2021}
}
@misc{xpress,
	title        = {Expressbus in Berlin},
	author       = {BerlinStadtService},
	howpublished = {\url{https://www.berlinstadtservice.de/xinh/Expressbus.html}},
	day			 = {19},
	month		 = {May},
	year         = {2021}
}
@misc{BVG1,
	title        = {Berliner Verkehrsbetriebe},
	author       = {Wikipedia},
	howpublished = {\url{https://en.wikipedia.org/wiki/Berliner_Verkehrsbetriebe#Buses}},
	day			 = {22},
	month		 = {October},
	year         = {2021}
}
@misc{BVG2,
	title        = {Berliner Verkehrsbetriebe},
	author       = {Wikipedia},
	howpublished = {\url{https://en.wikipedia.org/wiki/Berliner_Verkehrsbetriebe#Buses}},
	day			 = {22},
	month		 = {October},
	year         = {2021}
}